@misc{zaheer2018deep,
      title={Deep Sets}, 
      author={Manzil Zaheer and Satwik Kottur and Siamak Ravanbakhsh and Barnabas Poczos and Ruslan Salakhutdinov and Alexander Smola},
      year={2018},
      eprint={1703.06114},
      archivePrefix={arXiv},
      primaryClass={cs.LG}
}
